@article{Kershenbaum2015,
  doi = {10.1016/j.jtbi.2015.03.009},
  url = {https://doi.org/10.1016/j.jtbi.2015.03.009},
  year = {2015},
  month = may,
  publisher = {Elsevier {BV}},
  volume = {373},
  pages = {1--11},
  author = {Arik Kershenbaum and Todd M. Freeberg and David E. Gammon},
  title = {Estimating vocal repertoire size is like collecting coupons: A theoretical framework with heterogeneity in signal abundance},
  journal = {Journal of Theoretical Biology}
}

@article{Garamszegi2004,
  doi = {10.1007/s00265-004-0866-6},
  url = {https://doi.org/10.1007/s00265-004-0866-6},
  year = {2004},
  month = dec,
  publisher = {Springer Science and Business Media {LLC}},
  volume = {57},
  number = {4},
  pages = {305--317},
  author = {L�szl� Z. Garamszegi and Thorsten J. S. Balsby and Ben D. Bell and Marta Borowiec and Bruce E. Byers and Tudor Draganoiu and Marcel Eens and Wolfgang Forstmeier and Paolo Galeotti and Diego Gil and Leen Gorissen and Poul Hansen and Helene M. Lampe and Stefan Leitner and Jan Lontkowski and Laurent Nagle and Erwin Nemeth and Rianne Pinxten and Jean-Marc Rossi and Nicola Saino and Aur�lie Tanvez and Russell Titus and János Török and Els Van Duyse and Anders P. Møller},
  title = {Estimating the complexity of bird song by using capture-recapture approaches from community ecology},
  journal = {Behavioral Ecology and Sociobiology}
}

@article{Wildenthal1965,
 ISSN = {00048038, 19384254},
 URL = {http://www.jstor.org/stable/4082931},
 author = {Joyce L. Wildenthal},
 journal = {The Auk},
 number = {2},
 pages = {161--189},
 publisher = {American Ornithological Society},
 title = {Structure in Primary Song of the Mockingbird (Mimus polyglottos)},
 urldate = {2023-05-31},
 volume = {82},
 year = {1965}
}

